<collection xmlns="http://www.loc.gov/MARC21/slim">
<record>
  <leader>01401nam0a22002531i 450 </leader>
  <controlfield tag="001">IT\ICCU\CNCE\058374</controlfield>
  <controlfield tag="005">20051110000000.0</controlfield>
  <datafield tag="100" ind1=" " ind2=" ">
    <subfield code="a">20040526d1580        0itac0103    ba</subfield>
  </datafield>
  <datafield tag="101" ind1=" " ind2=" ">
    <subfield code="a">ITA</subfield>
  </datafield>
  <datafield tag="102" ind1=" " ind2=" ">
    <subfield code="a">IT</subfield>
  </datafield>
  <datafield tag="200" ind1="1" ind2=" ">
    <subfield code="a">Richiesta fatta all&apos;e.mo et reu.mo sig. cardinale di S. Sisto sommo penitentiario, da mons. vescouo di Alessandria per sicurezza della coscientia sua sopra il contratto fatto da lui a nome del suo vescouato col sig. Pietro Camillo Cane del palazzo episcopale. Et resolutione del dubbio proposto data dall&apos;ecc.mo sig. Martino Azpilcueta Navarro</subfield>
  </datafield>
  <datafield tag="210" ind1=" " ind2=" ">
    <subfield code="a">Alessandria</subfield>
    <subfield code="c">appo Ercole Quintiano</subfield>
    <subfield code="d">1580</subfield>
  </datafield>
  <datafield tag="620" ind1=" " ind2=" ">
    <subfield code="a">IT</subfield>
    <subfield code="d">Alessandria</subfield>
  </datafield>
  <datafield tag="700" ind1=" " ind2="1">
    <subfield code="a">Trotti,</subfield>
    <subfield code="b">Guarnero</subfield>
    <subfield code="3">IT\ICCU\CNCA\010123</subfield>
  </datafield>
  <datafield tag="702" ind1=" " ind2="1">
    <subfield code="a">Azpilcueta,</subfield>
    <subfield code="b">Martin : de</subfield>
    <subfield code="3">IT\ICCU\CNCA\000998</subfield>
  </datafield>
  <datafield tag="712" ind1="0" ind2="0">
    <subfield code="a">Quinciano, Ercole</subfield>
    <subfield code="3">IT\ICCU\CNCT\000572</subfield>
    <subfield code="4">650</subfield>
  </datafield>
  <datafield tag="790" ind1=" " ind2="0">
    <subfield code="a">Episcopus</subfield>
    <subfield code="c"> : Alexandrinus</subfield>
    <subfield code="3">IT\ICCU\CNCA\024939</subfield>
    <subfield code="z">Trotti, Guarnero</subfield>
  </datafield>
  <datafield tag="790" ind1=" " ind2="0">
    <subfield code="a">Martinus Azpliqueta</subfield>
    <subfield code="c"> : Navarro</subfield>
    <subfield code="3">IT\ICCU\CNCA\014102</subfield>
    <subfield code="z">Azpilcueta, Martin : de</subfield>
  </datafield>
  <datafield tag="790" ind1=" " ind2="1">
    <subfield code="a">Navarro,</subfield>
    <subfield code="b">Martin : de</subfield>
    <subfield code="3">IT\ICCU\CNCA\014747</subfield>
    <subfield code="z">Azpilcueta, Martin : de</subfield>
  </datafield>
  <datafield tag="791" ind1="0" ind2="0">
    <subfield code="a">Quinzano, Ercole</subfield>
    <subfield code="3">IT\ICCU\CNCT\002540</subfield>
    <subfield code="z">Quinciano, Ercole</subfield>
  </datafield>
  <datafield tag="791" ind1="0" ind2="0">
    <subfield code="a">Quintanus, Hercules</subfield>
    <subfield code="3">IT\ICCU\CNCT\004063</subfield>
    <subfield code="z">Quinciano, Ercole</subfield>
  </datafield>
  <datafield tag="791" ind1="0" ind2="0">
    <subfield code="a">Quinctianus, Hercules</subfield>
    <subfield code="3">IT\ICCU\CNCT\005272</subfield>
    <subfield code="z">Quinciano, Ercole</subfield>
  </datafield>
  <datafield tag="791" ind1="0" ind2="0">
    <subfield code="a">Quintiano, Ercole</subfield>
    <subfield code="3">IT\ICCU\CNCT\005273</subfield>
    <subfield code="z">Quinciano, Ercole</subfield>
  </datafield>
  <datafield tag="801" ind1=" " ind2="3">
    <subfield code="a">IT</subfield>
    <subfield code="b">ICCU</subfield>
    <subfield code="c">20201115</subfield>
  </datafield>
</record>
</collection>
